<record><leader>00000cas a2200000 a 4500</leader><controlfield tag="001">37290534</controlfield><controlfield tag="007">hd afb---baca</controlfield><controlfield tag="008">970714d17751780vauwr nea     0    0eng c</controlfield><datafield ind1=" " ind2=" " tag="010"><subfield code="a">  2004260024</subfield></datafield><datafield ind1=" " ind2=" " tag="040"><subfield code="a">NOC</subfield><subfield code="b">eng</subfield><subfield code="c">NOC</subfield><subfield code="d">OCL</subfield><subfield code="d">ORU</subfield><subfield code="d">GUA</subfield><subfield code="d">OCLCQ</subfield><subfield code="d">OCLCG</subfield><subfield code="d">OCLCQ</subfield><subfield code="d">OCLCA</subfield><subfield code="d">OCLCF</subfield><subfield code="d">OCLCO</subfield></datafield><datafield ind1=" " ind2=" " tag="019"><subfield code="a">18791503</subfield></datafield><datafield ind1="1" ind2=" " tag="029"><subfield code="a">AU@</subfield><subfield code="b">000025356468</subfield></datafield><datafield ind1=" " ind2=" " tag="042"><subfield code="a">pcc</subfield></datafield><datafield ind1=" " ind2=" " tag="043"><subfield code="a">n-us-va</subfield></datafield><datafield ind1=" " ind2=" " tag="090"><subfield code="a">AN49.W65</subfield><subfield code="b">V8</subfield></datafield><datafield ind1="0" ind2=" " tag="130"><subfield code="a">Virginia gazette (Williamsburg, Va. : 1775)</subfield></datafield><datafield ind1="1" ind2="4" tag="245"><subfield code="a">The Virginia gazette</subfield><subfield code="h">[microform].</subfield></datafield><datafield ind1=" " ind2=" " tag="260"><subfield code="a">Williamsburg, Va. :</subfield><subfield code="b">Alexander Purdie,</subfield><subfield code="c">1775-1780.</subfield></datafield><datafield ind1=" " ind2=" " tag="300"><subfield code="a">283 v.</subfield></datafield><datafield ind1=" " ind2=" " tag="310"><subfield code="a">Weekly</subfield></datafield><datafield ind1="0" ind2=" " tag="362"><subfield code="a">No. 1 (Feb. 3, 1775)-</subfield></datafield><datafield ind1="1" ind2=" " tag="362"><subfield code="a">Ceased in Dec. 1780.</subfield></datafield><datafield ind1=" " ind2=" " tag="500"><subfield code="a">"Always for liberty and the publick good."</subfield></datafield><datafield ind1=" " ind2=" " tag="500"><subfield code="a">Publishers: John Clarkson and Augustine Davis, &lt;May 15, 1779-Dec. 9, 1780&gt;</subfield></datafield><datafield ind1=" " ind2=" " tag="525"><subfield code="a">Has occasional supplements.</subfield></datafield><datafield ind1=" " ind2=" " tag="588"><subfield code="a">Latest issue consulted: No. 283 (Dec. 9, 1780).</subfield></datafield><datafield ind1=" " ind2=" " tag="533"><subfield code="a">Microfilm.</subfield><subfield code="m">no. 1-283 (1775-1780):[Gaps]</subfield><subfield code="b">Williamsburg, Va. :</subfield><subfield code="c">Institute for Early American History and Culture ;</subfield><subfield code="b">New York :</subfield><subfield code="c">Recordak Corp.,</subfield><subfield code="d">1950.</subfield><subfield code="e">2 microfilm reels ; 35 mm.</subfield><subfield code="n">Filmed with: Virginia gazette (Williamsburg, Va. : 1736), and: Virginia gazette (Williamsburg, Va. : 1766).</subfield></datafield><datafield ind1=" " ind2="0" tag="651"><subfield code="a">Williamsburg (Va.)</subfield><subfield code="v">Newspapers.</subfield></datafield><datafield ind1=" " ind2="7" tag="655"><subfield code="a">Newspapers.</subfield><subfield code="2">fast</subfield><subfield code="0">(OCoLC)fst01423814</subfield></datafield><datafield ind1=" " ind2="7" tag="651"><subfield code="a">Virginia</subfield><subfield code="z">Williamsburg.</subfield><subfield code="2">fast</subfield><subfield code="0">(OCoLC)fst01205036</subfield></datafield><datafield ind1="1" ind2=" " tag="700"><subfield code="a">Purdie, Alexander,</subfield><subfield code="d">-1779.</subfield></datafield><datafield ind1="1" ind2=" " tag="700"><subfield code="a">Davis, Augustine,</subfield><subfield code="d">-1825.</subfield></datafield><datafield ind1="1" ind2=" " tag="700"><subfield code="a">Clarkson, John,</subfield><subfield code="d">1764-1828.</subfield></datafield><datafield ind1=" " ind2=" " tag="752"><subfield code="a">United States</subfield><subfield code="b">Virginia</subfield><subfield code="d">Williamsburg.</subfield></datafield><datafield ind1="1" ind2=" " tag="776"><subfield code="c">Original</subfield><subfield code="w">(DLC)sn 84024742</subfield><subfield code="w">(OCoLC)11078816</subfield></datafield><datafield ind1="0" ind2="7" tag="780"><subfield code="t">Virginia gazette (Williamsburg, Va. : 1736)</subfield><subfield code="w">(DLC)  2004260023</subfield><subfield code="w">(OCoLC)37290567</subfield></datafield></record>